<record><leader>00000cas a22000007a 4500</leader><controlfield tag="001">15215350</controlfield><controlfield tag="008">870219d18521853pauwr ne      0    0eng d</controlfield><datafield ind1=" " ind2=" " tag="010"><subfield code="a">sn 87079981 </subfield></datafield><datafield ind1=" " ind2=" " tag="040"><subfield code="a">NPH</subfield><subfield code="b">eng</subfield><subfield code="c">NPH</subfield><subfield code="d">CNK</subfield><subfield code="d">OCLCQ</subfield></datafield><datafield ind1=" " ind2=" " tag="042"><subfield code="a">msc</subfield></datafield><datafield ind1="0" ind2=" " tag="130"><subfield code="a">Crusader (Summitville, Pa.)</subfield></datafield><datafield ind1="1" ind2="4" tag="245"><subfield code="a">The crusader.</subfield></datafield><datafield ind1=" " ind2=" " tag="260"><subfield code="a">Summitville, Cambria Co., Pa. :</subfield><subfield code="b">Henry A. M'Pike,</subfield><subfield code="c">1852-1853.</subfield></datafield><datafield ind1=" " ind2=" " tag="300"><subfield code="a">v. ;</subfield><subfield code="c">56 cm.</subfield></datafield><datafield ind1=" " ind2=" " tag="310"><subfield code="a">Weekly</subfield></datafield><datafield ind1="0" ind2=" " tag="362"><subfield code="a">Vol. 1, no. 1 (Jan. 1, 1852)-v. 2, no. 46 (Nov. 24, 1853).</subfield></datafield><datafield ind1=" " ind2=" " tag="500"><subfield code="a">"Roman Catholic." Cf. Storey, H.W. Hist. of Cambria County, Pa.</subfield></datafield><datafield ind1=" " ind2=" " tag="500"><subfield code="a">Publisher: Philip P. Cope, &lt;Dec. 1852&gt;.</subfield></datafield><datafield ind1=" " ind2=" " tag="752"><subfield code="a">United States</subfield><subfield code="b">Pennsylvania</subfield><subfield code="c">Cambria</subfield><subfield code="d">Summitville.</subfield></datafield></record>